

@Book{bib:book,
  Title                    = {Title of a book},
  Author                   = {Name Surname and Name Surname},
  Publisher                = {Publisher},
  Year                     = {2017},
  Address                  = {Hong Kong},
  ISBN                     = {83-204-3229-9-434}
}


@Article{bib:article,
  Title                    = {Title of an article in a journal},
  Author                   = {Surname, Name and Name Surname},
  Journal                  = {Journal Title},
  Year                     = {2016},
  Number                   = {8},
  Pages                    = {1092--1113},
  Volume                   = {157}
}


@InProceedings{bib:conference,
  Title                    = {Title of a conference article},
  Author                   = {Name Surname and Surname, Name and N. Surname},
  Booktitle                = {Conference title},
  Year                     = {2006},
  Pages                    = {5346--5349}
}

@online{bib:internet,
  author                   = {Name Surname and Surname, Name and N. Surname},
  title                    = {Title of a web page},
  year                     = {2021},
  url                      = {http://somewhere/on/the/internet.html},
  urldate                  = {2021-09-30}
}

@online{bib:digital-2023,
  author  = {Simon Kemp},
  title   = {Digital 2023: Global Overview Report},
  date    = {2023-01-26},
  url     = {https://datareportal.com/reports/digital-2023-global-overview-report},
  urldate = {2023-02-13}
}

@inbook{bib:securitum-wstep,
  author         = {Michał Sajdak},
  title          = {Wstęp},
  pages          = {35-39},
  publisher      = {Securitum Szkolenia},
  year           = {2019},
  bookauthor     = {Michał Bentkowski and Artur Czyż and Rafał {\enquote{bl4de}\nopunct} Janicki and Jarosław Kamiński and Adrian {\enquote{vizzdoom}\nopunct} Michalczyk and Mateusz Niezabitowski and Marcin Piosek and Michał Sajdak and Grzegorz Trawiński and Bohdan Widła},
  booktitle      = {Bezpieczeństwo aplikacji webowych},
  isbn           = {978-83-954853-0-5},
}

@online{bib:npm-packages,
  author  = {Ahmad Nassri},
  title   = {So long, and thanks for all the packages!},
  date    = {2020-04-14},
  url     = {https://blog.npmjs.org/post/615388323067854848/so-long-and-thanks-for-all-the-packages},
  urldate = {2023-01-19}
}

@online{bib:event-loop-explained,
  author  = {Node.js},
  title   = {The Node.js Event Loop, Timers, and process.nextTick()},
  url     = {https://nodejs.org/en/docs/guides/event-loop-timers-and-nexttick/},
  urldate = {2023-01-27}
}

@online{bib:event-loop-blocking,
  author  = {Node.js},
  title   = {Don't Block the Event Loop (or the Worker Pool)},
  url     = {https://nodejs.org/en/docs/guides/dont-block-the-event-loop/},
  urldate = {2023-01-27}
}

@online{bib:nginx-null,
  author  = {Neal Poole},
  title   = {Possible Arbitrary Code Execution with Null Bytes, PHP, and Old Versions of nginx},
  date    = {2011-08-24},
  url     = {https://nealpoole.com/blog/2011/08/possible-arbitrary-code-execution-with-null-bytes-php-and-old-versions-of-nginx/},
  urldate = {2023-02-10}
}
